<?xml version="1.0" encoding="UTF-8"?><record xmlns="http://www.loc.gov/MARC21/slim" xmlns:cinclude="http://apache.org/cocoon/include/1.0" xmlns:zs="http://www.loc.gov/zing/srw/">
  <leader>00566cz  a2200169n  4500</leader>
  <controlfield tag="001">no2008025015</controlfield>
  <controlfield tag="003">DLC</controlfield>
  <controlfield tag="005">20130326113542.0</controlfield>
  <controlfield tag="008">080216n| azannaabn          |a aaa     c</controlfield>
  <datafield tag="010" ind1=" " ind2=" ">
    <subfield code="a">no2008025015</subfield>
  </datafield>
  <datafield tag="035" ind1=" " ind2=" ">
    <subfield code="a">(OCoLC)oca07660529</subfield>
  </datafield>
  <datafield tag="040" ind1=" " ind2=" ">
    <subfield code="a">NN</subfield>
    <subfield code="b">eng</subfield>
    <subfield code="e">rda</subfield>
    <subfield code="c">NN</subfield>
    <subfield code="d">DLC</subfield>
  </datafield>
  <datafield tag="046" ind1=" " ind2=" ">
    <subfield code="f">1888</subfield>
  </datafield>
  <datafield tag="100" ind1="1" ind2=" ">
    <subfield code="a">Domar, Dora,</subfield>
    <subfield code="d">1888-</subfield>
  </datafield>
  <datafield tag="400" ind1="1" ind2=" ">
    <subfield code="w">nnea</subfield>
    <subfield code="a">Domar, Dora,</subfield>
    <subfield code="d">b. 1888</subfield>
  </datafield>
  <datafield tag="670" ind1=" " ind2=" ">
    <subfield code="a">Mario, E.A. Santa Lucia luntana [SR], [1927?]:</subfield>
    <subfield code="b">label (Dora Domar, soprano)</subfield>
  </datafield>
  <datafield tag="670" ind1=" " ind2=" ">
    <subfield code="a">Kutsch-Riemens, Grosses SaĚngerlexikon, 4th ed., 2003</subfield>
    <subfield code="b">(Domar, Dora; b. Oct 16, 1888, Florence; soprano)</subfield>
  </datafield>
</record>